<?xml version="1.0" encoding="UTF-8"?><collection xmlns="http://www.loc.gov/MARC21/slim"><record><leader>00325nam--2200133-i-4500</leader><controlfield tag="001">000045940</controlfield><controlfield tag="002">20161230</controlfield><controlfield tag="005">20161230201045</controlfield><controlfield tag="008">060222s1000------------r-----000-0-eng-d</controlfield><datafield ind1=" " ind2=" " tag="080"><subfield code="a">547</subfield></datafield><datafield ind1=" " ind2=" " tag="100"><subfield code="a">Ulrich, Henri</subfield></datafield><datafield ind1=" " ind2=" " tag="245"><subfield code="a">The chemistry of imidoyl halides</subfield></datafield><datafield ind1=" " ind2=" " tag="260"><subfield code="a">New York, Plenum Press, 1968, X + 238p</subfield></datafield><datafield ind1=" " ind2=" " tag="852"><subfield code="a">36039</subfield></datafield></record></collection>